<?xml version="1.0" encoding="UTF-8"?><collection xmlns="http://www.loc.gov/MARC21/slim"><record><leader>00589nam--2200181-i-4500</leader><controlfield tag="001">000030107</controlfield><controlfield tag="002">20161230</controlfield><controlfield tag="005">20161230201038</controlfield><controlfield tag="008">060222s1000------------r-----000-0-rum-d</controlfield><datafield ind1=" " ind2=" " tag="040"><subfield code="a">IFIN-HH</subfield></datafield><datafield ind1=" " ind2=" " tag="041"><subfield code="a">rum</subfield></datafield><datafield ind1=" " ind2=" " tag="080"><subfield code="a">533.9:621.039.6(061.3)</subfield></datafield><datafield ind1="1" ind2=" " tag="110"><subfield code="a">Consiliul National pentru Stiinta si Tehnologie</subfield></datafield><datafield ind1="1" ind2="0" tag="245"><subfield code="a">Lucrarile celei de a patra conferinte nationale "fizica si tehnica plasmei"</subfield><subfield code="b">Bucuresti, 18 - 19 iunie 1981</subfield></datafield><datafield ind1=" " ind2=" " tag="260"><subfield code="a">Bucuresti, Consiliul National Pentru Stiinta Si Tehnologie, 1981,</subfield></datafield><datafield ind1=" " ind2=" " tag="300"><subfield code="a">150P</subfield></datafield><datafield ind1=" " ind2=" " tag="852"><subfield code="a">49432</subfield><subfield code="c">533.9</subfield></datafield><datafield ind1=" " ind2=" " tag="CAT"><subfield code="a">Sys</subfield><subfield code="c">20100929</subfield><subfield code="h">155600</subfield></datafield></record></collection>